@article{liu2022blockchain,
  title={Blockchain-cloud transparent data marketing: Consortium management and fairness},
  author={Liu, Dongxiao and Huang, Cheng and Ni, Jianbing and Lin, Xiaodong and Shen, Xuemin Sherman},
  journal={IEEE Transactions on Computers},
  volume={71},
  number={12},
  pages={3322--3335},
  year={2022},
  publisher={IEEE}
}

@inproceedings{alsharif2020blockchain,
  title={A blockchain-based medical data marketplace with trustless fair exchange and access control},
  author={Alsharif, Ahmad and Nabil, Mahmoud},
  booktitle={GLOBECOM 2020-2020 IEEE Global Communications Conference},
  pages={1--6},
  year={2020},
  organization={IEEE}
}

@article{xue2023blockchain,
  title={Blockchain-based Fair and Fine-grained Data Trading with Privacy Preservation},
  author={Xue, Liang and Ni, Jianbing and Liu, Dongxiao and Lin, Xiaodong and Shen, Xuemin},
  journal={IEEE Transactions on Computers},
  year={2023},
  publisher={IEEE}
}

@inproceedings{gay2018more,
  title={More efficient (almost) tightly secure structure-preserving signatures},
  author={Gay, Romain and Hofheinz, Dennis and Kohl, Lisa and Pan, Jiaxin},
  booktitle={Advances in Cryptology--EUROCRYPT 2018: 37th Annual International Conference on the Theory and Applications of Cryptographic Techniques, Tel Aviv, Israel, April 29-May 3, 2018 Proceedings, Part II 37},
  pages={230--258},
  year={2018},
  organization={Springer}
}